
@book{CRYS1,
  title="Crystallography: an introduction",
  author="Borchardt-Ott, Walter",
  year="2011",
  publisher="Springer Science and Business Media"
}

@book{CRYS2,
  title="International Tables for Crystallography
Volume A: Space-Group Symmetry",
  author="Theo Hahn,Hans Wondratschek and Ulrich Muller",
  year="2005",
  publisher="by SPRINGER for THE INTERNATIONAL UNION OF CRYSTALLOGRAPHY"  
}

@Misc{BRAV,
  author = "Britannica",
  title = "Auguste Bravais: French physicist",
  howpublished = "\url{https://www.britannica.com/biography/Auguste-Bravais}",
  year = "2018"
}

@article{CIF1,
  title="Specification of the Crystallographic Information File format, version 2.0",
  author="Bernstein, Herbert J and Bollinger, John C and Brown, I David and Gra{\v{z}}ulis, Saulius and Hester, James R and McMahon, Brian and Spadaccini, Nick and Westbrook, John D and Westrip, Simon P",
  journal="Journal of Applied Crystallography",
  volume="49",
  number="1",
  pages="277--284",
  year="2016",
  publisher="International Union of Crystallography"
}






@article{CIF2,
  title="The crystallographic information file (CIF): a new standard archive file for crystallography",
  author="Hall, Sydney R and Allen, Frank H and Brown, I David",
  journal="Acta Crystallographica Section A: Foundations of Crystallography",
  volume="47",
  number="6",
  pages="655--685",
  year="1991",
  publisher="International Union of Crystallography"
}

@Misc{IZA1,
  author = "IZA",
  title = "Database of Zeolite Structures",
  howpublished = "\url{http://europe.iza-structure.org/IZA-SC/ftc_table.php}",
  year = "2018"
}

@article{VESTA1,
  title="VESTA: a three-dimensional visualization system for electronic and structural analysis",
  author="Momma, Koichi and Izumi, Fujio",
  journal="Journal of Applied Crystallography",
  volume="41",
  number="3",
  pages="653--658",
  year="2008",
  publisher="Wiley Online Library"
}

@Misc{PYCIFRW1,
  title = "Programming with PyCIFRW and PySTARRW",
  howpublished = "\url{https://www.iucr.org/__data/iucr/cif/software/pycifrw/PyCifRW-3.2/documentation.pdf}",
  year = "2009",
  author = "IUCR"
}

@book{BLEN1,
  title="Blender Basics: Classroom Tutorial Book",
  author="Chronister, James",
  year="2011",
  publisher="Blender Nation"
}

@Misc{BLEN2,
  title = "Photorealism Competition Results",
  howpublished = "\url{https://www.blenderguru.com/competitions/photorealism-competition-results}",
  year = "2012",
  author = "Blenderguru"
}

@Misc{BLEN3,
  title = "Blender2.80 Python API Documentation",
  howpublished = "\url{https://docs.blender.org/api/blender2.8/}",
  year = "2019",
  author = "Blender"
}


@book{API1,
  title="The Blender Python API: Precision 3D Modeling and Add-on Development",
  author="Conlan, Chris",
  year="2017",
  publisher="Apress"
}
@Misc{NEXT1,
  title = "Next Gen",
  howpublished = "\url{https://www.tangent-animation.com/next-gen}",
  year = "2018",
  author = "Tangent"
}
@Misc{OBAB1,
  title = "Open Babel: The Open Source Chemistry Toolbox",
  howpublished = "\url{http://openbabel.org/wiki/Main_Page}",
  NOTE = "GitHub: \url{https://github.com/openbabel/openbabel}",
  year = "2016",
  author = "OpenBabel"
}
@Misc{ENUM,
  title = "Python 3: An Intro to Enumerations",
  howpublished = "\url{https://www.blog.pythonlibrary.org/2018/03/20/python-3-an-intro-to-enumerations/}",
  year = "2018",
  author = "Mike"
}

@Misc{BEZ1,
  title = "Bezier Curves Animated Quintic Bezier Curve ",
  howpublished = "\url{https://en.wikipedia.org/wiki/B%C3%A9zier_curve}",
  year = "2007",
  author = "Phil Tregoning"
}



